@incollection{HuHybrid2016,
	title = {Hybrid {{Session Verification Through Endpoint API Generation}}},
	booktitle = {Fundamental {{Approaches}} to {{Software Engineering}}},
	author = {Hu, Raymond and Yoshida, Nobuko},
	editor = {Stevens, Perdita and W{\k{a}}sowski, Andrzej},
	year = {2016},
	volume = {9633},
	pages = {401--418},
	publisher = {{Springer Berlin Heidelberg}},
	address = {{Berlin, Heidelberg}},
	doi = {10.1007/978-3-662-49665-7\_24},
	urldate = {2023-05-22},
	isbn = {978-3-662-49664-0 978-3-662-49665-7},
	langid = {english},
}

@article{HondaMultiparty2016,
	title = {Multiparty {{Asynchronous Session Types}}},
	author = {Honda, Kohei and Yoshida, Nobuko and Carbone, Marco},
	year = {2016},
	month = mar,
	journal = {Journal of the ACM},
	volume = {63},
	number = {1},
	pages = {1--67},
	issn = {0004-5411, 1557-735X},
	doi = {10.1145/2827695},
	urldate = {2023-05-22},
	langid = {english},
}